<?xml version="1.0" encoding="UTF-8"?><collection xmlns="http://www.loc.gov/MARC21/slim"><record><leader>00428nam--2200157-i-4500</leader><controlfield tag="001">000036703</controlfield><controlfield tag="002">20161230</controlfield><controlfield tag="005">20170127195947</controlfield><controlfield tag="008">060222s1000------------r-----000-0-eng-d</controlfield><datafield ind1=" " ind2=" " tag="080"><subfield code="a">02</subfield></datafield><datafield ind1=" " ind2=" " tag="100"><subfield code="a">Plate, Kenneth H</subfield></datafield><datafield ind1=" " ind2=" " tag="245"><subfield code="a">Management personnel in libraries: a theoretical model for analysis</subfield></datafield><datafield ind1=" " ind2=" " tag="260"><subfield code="a">Rockaway</subfield><subfield code="b">American Faculty Press</subfield><subfield code="c">1970</subfield></datafield><datafield ind1=" " ind2=" " tag="300"><subfield code="a">XII + 100 p</subfield></datafield><datafield ind1=" " ind2=" " tag="852"><subfield code="a">35560</subfield></datafield><datafield ind1=" " ind2=" " tag="CAT"><subfield code="a">SYS</subfield><subfield code="c">20170127</subfield><subfield code="h">195947</subfield></datafield></record></collection>